<?xml version="1.0" encoding="UTF-8"?><collection xmlns="http://www.loc.gov/MARC21/slim"><record><leader>00388nam--2200157-i-4500</leader><controlfield tag="001">000005959</controlfield><controlfield tag="002">20161230</controlfield><controlfield tag="005">20161230201026</controlfield><controlfield tag="008">060222s1000------------r-----000-0-eng-d</controlfield><datafield ind1=" " ind2=" " tag="080"><subfield code="a">51:5(091)</subfield></datafield><datafield ind1=" " ind2=" " tag="100"><subfield code="a">Bourbaki Nicolas</subfield></datafield><datafield ind1=" " ind2=" " tag="245"><subfield code="a">Elements d`histoire des mathematique</subfield></datafield><datafield ind1=" " ind2=" " tag="260"><subfield code="a">Paris, Herman, 1960, 276 P</subfield></datafield><datafield ind1=" " ind2=" " tag="490"><subfield code="v">vol. IV</subfield></datafield><datafield ind1=" " ind2=" " tag="852"><subfield code="a">17504</subfield></datafield><datafield ind1=" " ind2=" " tag="CAT"><subfield code="a">Sys</subfield><subfield code="c">20080407</subfield><subfield code="h">112916</subfield></datafield></record></collection>